<?xml version="1.0" encoding="UTF-8"?><collection xmlns="http://www.loc.gov/MARC21/slim"><record><leader>00651nam--2200181-i-4500</leader><controlfield tag="001">000014433</controlfield><controlfield tag="002">20161230</controlfield><controlfield tag="005">20161230201030</controlfield><controlfield tag="008">060222s1000------------r-----000-0-rum-d</controlfield><datafield ind1=" " ind2=" " tag="040"><subfield code="a">IFIN-HH</subfield></datafield><datafield ind1=" " ind2=" " tag="041"><subfield code="a">rum</subfield></datafield><datafield ind1=" " ind2=" " tag="080"><subfield code="a">539.1:621.039:67/68</subfield></datafield><datafield ind1="1" ind2=" " tag="110"><subfield code="a">Institutul National De Informare Si Documentare</subfield></datafield><datafield ind1=" " ind2=" " tag="245"><subfield code="a">Aplicatiile industriale ale fizicii si tehnicii nucleare</subfield><subfield code="b">Orientari, realizari, tendinte in cercetaarea stiintifica si ingineria tehnologica. sinteza documentara tematica. sinteza redactata de ing. constantin bilegan</subfield></datafield><datafield ind1=" " ind2=" " tag="260"><subfield code="a">Bucuresti</subfield><subfield code="b">Inid</subfield><subfield code="c">1983</subfield></datafield><datafield ind1=" " ind2=" " tag="300"><subfield code="a">104 P</subfield></datafield><datafield ind1=" " ind2=" " tag="852"><subfield code="a">70969</subfield><subfield code="c">539</subfield></datafield><datafield ind1=" " ind2=" " tag="CAT"><subfield code="a">Sys</subfield><subfield code="c">20111013</subfield><subfield code="h">104346</subfield></datafield></record></collection>